<?xml version="1.0" encoding="UTF-8"?><collection xmlns="http://www.loc.gov/MARC21/slim"><record><leader>00634nam--2200193-u-4500</leader><controlfield tag="001">000055612</controlfield><controlfield tag="002">20161230</controlfield><controlfield tag="005">20161230201052</controlfield><controlfield tag="008">130228s1000------------r-----000-0-eng-d</controlfield><datafield ind1=" " ind2=" " tag="040"><subfield code="a">IFIN-HH</subfield></datafield><datafield ind1=" " ind2=" " tag="080"><subfield code="a">541.13:620.193:801.323.2=20=82</subfield></datafield><datafield ind1="1" ind2=" " tag="100"><subfield code="a">Melnikova, M.M</subfield></datafield><datafield ind1="1" ind2="0" tag="245"><subfield code="a">English-russian dictionary of electrocehmistry and corosion</subfield><subfield code="b">Anglo-russkii slovari po elektrohimiii i korrozii</subfield><subfield code="c">M.m. melnikova, i.p. smirnov</subfield></datafield><datafield ind1=" " ind2=" " tag="250"><subfield code="a">Second Edition Revised And Enlarged</subfield></datafield><datafield ind1=" " ind2=" " tag="260"><subfield code="a">Moskva</subfield><subfield code="b">Russian Language Publishers</subfield><subfield code="c">1976</subfield></datafield><datafield ind1=" " ind2=" " tag="300"><subfield code="a">496P</subfield></datafield><datafield ind1="1" ind2=" " tag="700"><subfield code="a">Smirnov, I.P</subfield></datafield><datafield ind1=" " ind2=" " tag="852"><subfield code="a">D.355</subfield><subfield code="c">SLCH</subfield></datafield><datafield ind1=" " ind2=" " tag="CAT"><subfield code="a">Sys</subfield><subfield code="c">20130228</subfield><subfield code="h">173421</subfield></datafield></record></collection>